@article{Wu_2020,
  title={On the Optimal Weighted $\ell\_2$ Regularization in Overparameterized Linear Regression},
  author={Denny Wu and Ji Xu},
  journal={ArXiv},
  year={2020},
  volume={abs/2006.05800}
}

 @book{vershynin_2018, 
    place={Cambridge}, 
    title={High-dimensional probability: An introduction with applications in Data Science}, 
    publisher={Cambridge University Press}, 
    author={Vershynin, Roman}, 
    year={2018}
} 

@article{Spigler_2019,
   title={A jamming transition from under- to over-parametrization affects generalization in deep learning},
   volume={52},
   ISSN={1751-8121},
   url={http://dx.doi.org/10.1088/1751-8121/ab4c8b},
   DOI={10.1088/1751-8121/ab4c8b},
   number={47},
   journal={Journal of Physics A: Mathematical and Theoretical},
   publisher={IOP Publishing},
   author={Spigler, S and Geiger, M and d’Ascoli, S and Sagun, L and Biroli, G and Wyart, M},
   year={2019},
   month={Oct},
   pages={474001} 
}

@article{Ribeiro_2023,
   title={Overparameterized Linear Regression Under Adversarial Attacks},
   volume={71},
   ISSN={1941-0476},
   url={http://dx.doi.org/10.1109/TSP.2023.3246228},
   DOI={10.1109/tsp.2023.3246228},
   journal={IEEE Transactions on Signal Processing},
   publisher={Institute of Electrical and Electronics Engineers (IEEE)},
   author={Ribeiro, Antônio H. and Schön, Thomas B.},
   year={2023},
   pages={601–614} 
}

@article{Nakkiran_2021,
   title={Deep double descent: where bigger models and more data hurt*},
   volume={2021},
   ISSN={1742-5468},
   url={http://dx.doi.org/10.1088/1742-5468/ac3a74},
   DOI={10.1088/1742-5468/ac3a74},
   number={12},
   journal={Journal of Statistical Mechanics: Theory and Experiment},
   publisher={IOP Publishing},
   author={Nakkiran, Preetum and Kaplun, Gal and Bansal, Yamini and Yang, Tristan and Barak, Boaz and Sutskever, Ilya},
   year={2021},
   month={Dec},
   pages={124003} 
}

@article{Nakkiran_2019,
  title={More data can hurt for linear regression: Sample-wise double descent},
  author={Nakkiran, Preetum},
  journal={arXiv preprint arXiv:1912.07242},
  year={2019}
}

@article{Marčenko_1967,
    author = {Marčenko, V.A. and Pastur, Leonid},
    year = {1967},
    month = {01},
    pages = {457-483},
    title = {Distribution of eigenvalues for some sets of random matrices},
    volume = {1},
    journal = {Math USSR Sb}
}

@article{Hastie_2022,
    author = {Trevor Hastie and Andrea Montanari and Saharon Rosset and Ryan J. Tibshirani},
    title = {{Surprises in high-dimensional ridgeless least squares interpolation}},
    volume = {50},
    journal = {The Annals of Statistics},
    number = {2},
    publisher = {Institute of Mathematical Statistics},
    pages = {949 -- 986},
    keywords = {interpolation, overparametrization, Random matrix theory, regression, Ridge regression},
    year = {2022},
    doi = {10.1214/21-AOS2133},
    URL = {https://doi.org/10.1214/21-AOS2133}
}

@article{Geiger_2019,
   title={Jamming transition as a paradigm to understand the loss landscape of deep neural networks},
   volume={100},
   ISSN={2470-0053},
   url={http://dx.doi.org/10.1103/PhysRevE.100.012115},
   DOI={10.1103/physreve.100.012115},
   number={1},
   journal={Physical Review E},
   publisher={American Physical Society (APS)},
   author={Geiger, Mario and Spigler, Stefano and d’Ascoli, Stéphane and Sagun, Levent and Baity-Jesi, Marco and Biroli, Giulio and Wyart, Matthieu},
   year={2019},
   month={Jul} 
}

@article{Belkin_2019,
   title={Reconciling modern machine-learning practice and the classical bias–variance trade-off},
   volume={116},
   ISSN={1091-6490},
   url={http://dx.doi.org/10.1073/pnas.1903070116},
   DOI={10.1073/pnas.1903070116},
   number={32},
   journal={Proceedings of the National Academy of Sciences},
   publisher={Proceedings of the National Academy of Sciences},
   author={Belkin, Mikhail and Hsu, Daniel and Ma, Siyuan and Mandal, Soumik},
   year={2019},
   month={Jul},
   pages={15849–15854} }
